@article{johnson_1968, title={Vacuum Ultraviolet Scattering Distributions}, volume={7}, DOI={10.1364/ao.7.000879}, number={5}, journal={Applied Optics}, author={Johnson, M. C.}, year={1968}, month={Jan}, pages={879}}

@article{janecek_2012, title={Reflectivity Spectra for Commonly Used Reflectors}, volume={59}, DOI={10.1109/tns.2012.2183385}, number={3}, journal={IEEE Transactions on Nuclear Science}, author={Janecek, M.}, year={2012}, pages={490–497}} 

@article{grace_butcher_monroe_nikkel_2017, title={Index of refraction, Rayleigh scattering length, and Sellmeier coefficients in solid and liquid argon and xenon}, volume={867}, DOI={10.1016/j.nima.2017.06.031}, journal={Nuclear Instruments and Methods in Physics Research Section A: Accelerators, Spectrometers, Detectors and Associated Equipment}, author={Grace, Emily and Butcher, Alistair and Monroe, Jocelyn and Nikkel, James A.}, year={2017}, pages={204–208}}

@article{sinnock_smith_1969, title={Refractive Indices of the Condensed Inert Gases}, volume={181}, DOI={10.1103/physrev.181.1297}, number={3}, journal={Physical Review}, author={Sinnock, A. C. and Smith, B. L.}, year={1969}, pages={1297–1307}} 


@article{jones_chiu_conrad_ignarra_katori_toups_2013, title={Erratum: A measurement of the absorption of liquid argon scintillation light by dissolved nitrogen at the part-per-million level}, volume={8}, DOI={10.1088/1748-0221/8/09/e09001}, number={09}, journal={Journal of Instrumentation}, author={Jones, B J P and Chiu, C S and Conrad, J M and Ignarra, C M and Katori, T and Toups, M}, year={2013}}


@article{gehman_2011, title={Fluorescence efficiency and visible re-emission spectrum of tetraphenyl butadiene films at extreme ultraviolet wavelengths}, volume={654}, DOI={10.1016/j.nima.2011.06.088}, number={1}, journal={Nuclear Instruments and Methods in Physics Research Section A: Accelerators, Spectrometers, Detectors and Associated Equipment}, author={Gehman, V.m. and Seibert, S.r. and Rielage, K. and Hime, A. and Sun, Y. and Mei, D.-M. and Maassen, J. and Moore, D.}, year={2011}, pages={116–121}}

@article{nasa, title={SOLAR ABSORPTANCES AND SPECTRAL REFLECTANCES OF 12 METALS FOR TEMPERATURES RANGING FROM 300 TO 500 K}, author={Spisz, E. W. and Weigund, A. J. and Bowmun, R.L and Jack, J. R.}, year={1969}, journal={NASA Technical Note}, volume={5353}}


@article{malitson_1965, title={Interspecimen Comparison of the Refractive Index of Fused Silica*,†}, volume={55}, DOI={10.1364/josa.55.001205}, number={10}, journal={Journal of the Optical Society of America}, author={Malitson, I. H.}, year={1965}, month={Jan}, pages={1205}}
